

@misc{bib01:BA:Online,
	author = {CleverData},
	title = {Qué es Machine Learning?},
	year = {2018},
	howpublished = {Recuperado de: {https://cleverdata.io/que-es-machine-learning-big-data/}},
	note = {Accedido 21-03-2019}
}

@misc{bib02:BA:Online,
	author = {PowerData},
	title = {Big Data: ¿En qué consiste? Su importancia, desafíos y gobernabilidad},
	year = {n.e.},
	howpublished = {Recuperado de: {https://www.powerdata.es/big-data}},
	note = {Accedido 21-03-2019}
}

@misc{bib03:BA:Online,
	author = {ConexionEsan},
	title = {Business Intelligence vs Business Analytics: ¿Hay diferencias?},
	year = {2018},
	howpublished = {Recuperado de: {https://www.esan.edu.pe/apuntes-empresariales/2017/11/business-intelligence-vs-business-analytics-hay-diferencias/}},
	note = {Accedido 22-03-2019}
}

@misc{bib04:BA:Online,
	author = {WikiPedia},
	title = {Análisis de negocio},
	year = {2019},
	howpublished = {Recuperado de: {https://en.wikipedia.org/wiki/Business_analytics}},
	note = {Accedido 22-03-2019}
}

@misc{bib01:BI:Online,
	author = {Movistar},
	title = {Business Intelligence: la toma de decisiones a partir de los datos},
	year = {2015},
	howpublished = {Recuperado de: {https://destinonegocio.com/pe/emprendimiento-pe/business-intelligence-decisiones-partir-de-datos/}},
	note = {Accedido 22-03-2019}
}

@misc{bib02:BI:Online,
	author = {Sinnexus},
	title = {Qué es Business Intelligence?},
	year = {2007},
	howpublished = {Recuperado de: {https://www.sinnexus.com/business_intelligence/}},
	note = {Accedido 22-03-2019}
}
